<record><leader>00000cas a22000007a 4500</leader><controlfield tag="001">17807607</controlfield><controlfield tag="008">880418d19461964laudn ne      0    0eng d</controlfield><datafield ind1=" " ind2=" " tag="010"><subfield code="a">sn 88064324 </subfield></datafield><datafield ind1=" " ind2=" " tag="040"><subfield code="a">LNP</subfield><subfield code="b">eng</subfield><subfield code="c">LNP</subfield><subfield code="d">OCLCQ</subfield></datafield><datafield ind1=" " ind2=" " tag="042"><subfield code="a">msc</subfield></datafield><datafield ind1="0" ind2=" " tag="130"><subfield code="a">Daily Iberian (New Iberia, La. : 1946)</subfield></datafield><datafield ind1="1" ind2="4" tag="245"><subfield code="a">The Daily Iberian.</subfield></datafield><datafield ind1="3" ind2="0" tag="246"><subfield code="a">Daily Iberian and New Iberia enterprise</subfield></datafield><datafield ind1=" " ind2=" " tag="260"><subfield code="a">New Iberia, La. :</subfield><subfield code="b">Teche Pub. Co.</subfield></datafield><datafield ind1=" " ind2=" " tag="310"><subfield code="a">Daily (except Sat.)</subfield></datafield><datafield ind1="0" ind2=" " tag="362"><subfield code="a">51st year, no. 1 (Aug. 5, 1946)-v. 71, no. 150 (Jan. 31, 1964).</subfield></datafield><datafield ind1=" " ind2=" " tag="500"><subfield code="a">Published as: The Daily Iberian and New Iberia enterprise, Aug. 4-Oct. 1, 1947.</subfield></datafield><datafield ind1=" " ind2=" " tag="500"><subfield code="a">On Sunday published as: The Sunday Iberian, Nov. 4-Dec. 30, 1962.</subfield></datafield><datafield ind1=" " ind2=" " tag="752"><subfield code="a">United States</subfield><subfield code="b">Louisiana</subfield><subfield code="c">Iberia</subfield><subfield code="d">New Iberia.</subfield></datafield><datafield ind1="0" ind2="0" tag="780"><subfield code="t">Weekly Iberian</subfield><subfield code="w">(DLC)sn 88064323</subfield></datafield><datafield ind1="0" ind2="5" tag="780"><subfield code="t">New Iberia enterprise (New Iberia, La. : 1945)</subfield><subfield code="g">Aug. 4, 1947</subfield><subfield code="w">(DLC)sn 88064329</subfield></datafield><datafield ind1="0" ind2="7" tag="785"><subfield code="t">Jeanerette enterprise</subfield><subfield code="w">(DLC)sn 88064016</subfield></datafield><datafield ind1="0" ind2="7" tag="785"><subfield code="t">Daily Iberian and Jeanerette enterprise</subfield><subfield code="w">(DLC)sn 88064325</subfield></datafield></record>